@book{hirsch,
  title={Differential Topology},
  author={Hirsch, M.W.},
  isbn={9781468494495},
  series={Graduate Texts in Mathematics},
  year={2012},
  publisher={Springer New York}
}
@book{griffithsharris,
  title={Principles of Algebraic Geometry},
  author={Griffiths, P. and Harris, J.},
  isbn={9781118626320},
  series={Wiley Classics Library},
  year={2014},
  publisher={Wiley}
}
@book{wells,
  title={Differential Analysis on Complex Manifolds},
  author={Garcia-Prada, O. and Wells, R.O.},
  isbn={9780387738918},
  lccn={2007935275},
  series={Graduate Texts in Mathematics},
  year={2007},
  publisher={Springer New York}
}
@book{hartshorne,
  title={Algebraic Geometry},
  author={Hartshorne, R.},
  isbn={9781475738490},
  series={Graduate Texts in Mathematics},
  year={2013},
  publisher={Springer New York}
}
@book{mukai,
  title={An Introduction to Invariants and Moduli},
  author={Mukai, S.},
  isbn={9780521809061},
  lccn={2002023422},
  series={Cambridge Studies in Advanced Mathematics},
  year={2003},
  publisher={Cambridge University Press}
}
@book{git,
  title={Geometric Invariant Theory},
  author={Mumford, D. and Fogarty, J. and Kirwan, F.},
  number={v. 34},
  isbn={9783540569633},
  lccn={93033772},
  series={Ergebnisse der Mathematik und ihrer Grenzgebiete : a series of modern surveys in mathematics},
  year={1994},
  publisher={Springer Berlin Heidelberg}
}
@book{schmitt,
  title={Geometric Invariant Theory and Decorated Principal Bundles},
  author={Schmitt, A.H.W.},
  isbn={9783037190654},
  lccn={2009417040},
  series={Zurich lectures in advanced mathematics},
  year={2008},
  publisher={European Mathematical Society}
}
@book{kobayashi,
  title={Differential Geometry of Complex Vector Bundles},
  author={Kobayashi, S.},
  isbn={9781400858682},
  series={Princeton Legacy Library},
  year={2014},
  publisher={Princeton University Press}
}
@book{donaldson4manifolds,
  title={The Geometry of Four-manifolds},
  author={Donaldson, S.K. and Kronheimer, P.B.},
  isbn={9780198502692},
  lccn={89077530},
  series={Oxford mathematical monographs},
  year={1990},
  publisher={Clarendon Press}
}
@article{donaldson,
  title={A new proof of a theorem of {N}arasimhan and {S}eshadri},
  author={Donaldson, S.K.},
  journal={Journal of Differential Geometry},
  volume={18},
  number={2},
  pages={269--277},
  year={1983},
  publisher={Lehigh University}
}
@article{hitchinsystem,
  title={Stable bundles and integrable systems},
  author={Hitchin, N.},
  journal={Duke mathematical journal},
  volume={54},
  number={1},
  pages={91--114},
  year={1987},
  publisher={Duke University Press}
}
@article{hitchinselfduality,
  title={The self-duality equations on a {R}iemann surface},
  author={Hitchin, N.},
  journal={Proceedings of the London Mathematical Society},
  volume={3},
  number={1},
  pages={59--126},
  year={1987},
  publisher={Wiley Online Library}
}
@article{xieyonekura,
  title={Generalized {H}itchin system, spectral curve and $\mathcal{N}= 1$ dynamics},
  author={Xie, D. and Yonekura, K.},
  journal={Journal of High Energy Physics},
  volume={2014},
  number={1},
  pages={1},
  year={2014},
  publisher={Springer}
}
@article{yonekura,
  title={Supersymmetric gauge theory,(2, 0) theory and twisted 5d super-{Y}ang-{M}ills},
  author={Yonekura, K.},
  journal={Journal of High Energy Physics},
  volume={2014},
  number={1},
  pages={142},
  year={2014},
  publisher={Springer}
}
